%YAML 1.1
%TAG !u! tag:unity3d.com,2011:
--- !u!1001 &100100000
Prefab:
  m_ObjectHideFlags: 1
  serializedVersion: 2
  m_Modification:
    m_TransformParent: {fileID: 0}
    m_Modifications: []
    m_RemovedComponents: []
  m_ParentPrefab: {fileID: 0}
  m_RootGameObject: {fileID: 1278528692170574}
  m_IsPrefabParent: 1
--- !u!1 &1010742151726166
GameObject:
  m_ObjectHideFlags: 1
  m_PrefabParentObject: {fileID: 0}
  m_PrefabInternal: {fileID: 100100000}
  serializedVersion: 5
  m_Component:
  - component: {fileID: 4581102319708488}
  m_Layer: 0
  m_Name: AnkleLeft
  m_TagString: Untagged
  m_Icon: {fileID: 0}
  m_NavMeshLayer: 0
  m_StaticEditorFlags: 0
  m_IsActive: 1
--- !u!1 &1013413088661534
GameObject:
  m_ObjectHideFlags: 1
  m_PrefabParentObject: {fileID: 0}
  m_PrefabInternal: {fileID: 100100000}
  serializedVersion: 5
  m_Component:
  - component: {fileID: 4516093659975972}
  m_Layer: 0
  m_Name: Neck
  m_TagString: Untagged
  m_Icon: {fileID: 0}
  m_NavMeshLayer: 0
  m_StaticEditorFlags: 0
  m_IsActive: 1
--- !u!1 &1107660160703742
GameObject:
  m_ObjectHideFlags: 1
  m_PrefabParentObject: {fileID: 0}
  m_PrefabInternal: {fileID: 100100000}
  serializedVersion: 5
  m_Component:
  - component: {fileID: 4304849810249806}
  m_Layer: 0
  m_Name: ShoulderRIght
  m_TagString: Untagged
  m_Icon: {fileID: 0}
  m_NavMeshLayer: 0
  m_StaticEditorFlags: 0
  m_IsActive: 1
--- !u!1 &1201943900081684
GameObject:
  m_ObjectHideFlags: 1
  m_PrefabParentObject: {fileID: 0}
  m_PrefabInternal: {fileID: 100100000}
  serializedVersion: 5
  m_Component:
  - component: {fileID: 4252255951080298}
  m_Layer: 0
  m_Name: ForearmLeft
  m_TagString: Untagged
  m_Icon: {fileID: 0}
  m_NavMeshLayer: 0
  m_StaticEditorFlags: 0
  m_IsActive: 1
--- !u!1 &1217809465797286
GameObject:
  m_ObjectHideFlags: 1
  m_PrefabParentObject: {fileID: 0}
  m_PrefabInternal: {fileID: 100100000}
  serializedVersion: 5
  m_Component:
  - component: {fileID: 4056632856550340}
  m_Layer: 0
  m_Name: Armature
  m_TagString: Untagged
  m_Icon: {fileID: 0}
  m_NavMeshLayer: 0
  m_StaticEditorFlags: 0
  m_IsActive: 1
--- !u!1 &1242176686344622
GameObject:
  m_ObjectHideFlags: 1
  m_PrefabParentObject: {fileID: 0}
  m_PrefabInternal: {fileID: 100100000}
  serializedVersion: 5
  m_Component:
  - component: {fileID: 4460530779884290}
  m_Layer: 0
  m_Name: FootRight
  m_TagString: Untagged
  m_Icon: {fileID: 0}
  m_NavMeshLayer: 0
  m_StaticEditorFlags: 0
  m_IsActive: 1
--- !u!1 &1278528692170574
GameObject:
  m_ObjectHideFlags: 0
  m_PrefabParentObject: {fileID: 0}
  m_PrefabInternal: {fileID: 100100000}
  serializedVersion: 5
  m_Component:
  - component: {fileID: 4606377691722884}
  - component: {fileID: 65194427385490264}
  - component: {fileID: 114487528118189488}
  m_Layer: 0
  m_Name: Spooker
  m_TagString: Untagged
  m_Icon: {fileID: 0}
  m_NavMeshLayer: 0
  m_StaticEditorFlags: 0
  m_IsActive: 1
--- !u!1 &1296515294531556
GameObject:
  m_ObjectHideFlags: 1
  m_PrefabParentObject: {fileID: 0}
  m_PrefabInternal: {fileID: 100100000}
  serializedVersion: 5
  m_Component:
  - component: {fileID: 4897503874395994}
  - component: {fileID: 137831563950750490}
  m_Layer: 0
  m_Name: Person
  m_TagString: Untagged
  m_Icon: {fileID: 0}
  m_NavMeshLayer: 0
  m_StaticEditorFlags: 0
  m_IsActive: 1
--- !u!1 &1330995371085174
GameObject:
  m_ObjectHideFlags: 1
  m_PrefabParentObject: {fileID: 0}
  m_PrefabInternal: {fileID: 100100000}
  serializedVersion: 5
  m_Component:
  - component: {fileID: 4175840262207636}
  m_Layer: 0
  m_Name: PelvisRIght
  m_TagString: Untagged
  m_Icon: {fileID: 0}
  m_NavMeshLayer: 0
  m_StaticEditorFlags: 0
  m_IsActive: 1
--- !u!1 &1331526587274070
GameObject:
  m_ObjectHideFlags: 1
  m_PrefabParentObject: {fileID: 0}
  m_PrefabInternal: {fileID: 100100000}
  serializedVersion: 5
  m_Component:
  - component: {fileID: 4208722233512156}
  m_Layer: 0
  m_Name: ThumbLeft1
  m_TagString: Untagged
  m_Icon: {fileID: 0}
  m_NavMeshLayer: 0
  m_StaticEditorFlags: 0
  m_IsActive: 1
--- !u!1 &1351852325824830
GameObject:
  m_ObjectHideFlags: 1
  m_PrefabParentObject: {fileID: 0}
  m_PrefabInternal: {fileID: 100100000}
  serializedVersion: 5
  m_Component:
  - component: {fileID: 4554937413594180}
  m_Layer: 0
  m_Name: SpineUpper
  m_TagString: Untagged
  m_Icon: {fileID: 0}
  m_NavMeshLayer: 0
  m_StaticEditorFlags: 0
  m_IsActive: 1
--- !u!1 &1379132839372042
GameObject:
  m_ObjectHideFlags: 1
  m_PrefabParentObject: {fileID: 0}
  m_PrefabInternal: {fileID: 100100000}
  serializedVersion: 5
  m_Component:
  - component: {fileID: 4114052889574360}
  m_Layer: 0
  m_Name: LegRightLower
  m_TagString: Untagged
  m_Icon: {fileID: 0}
  m_NavMeshLayer: 0
  m_StaticEditorFlags: 0
  m_IsActive: 1
--- !u!1 &1390022447480258
GameObject:
  m_ObjectHideFlags: 1
  m_PrefabParentObject: {fileID: 0}
  m_PrefabInternal: {fileID: 100100000}
  serializedVersion: 5
  m_Component:
  - component: {fileID: 4187696940683546}
  m_Layer: 0
  m_Name: PelvisLeft
  m_TagString: Untagged
  m_Icon: {fileID: 0}
  m_NavMeshLayer: 0
  m_StaticEditorFlags: 0
  m_IsActive: 1
--- !u!1 &1408812561116050
GameObject:
  m_ObjectHideFlags: 1
  m_PrefabParentObject: {fileID: 0}
  m_PrefabInternal: {fileID: 100100000}
  serializedVersion: 5
  m_Component:
  - component: {fileID: 4502698050168328}
  m_Layer: 0
  m_Name: Chest
  m_TagString: Untagged
  m_Icon: {fileID: 0}
  m_NavMeshLayer: 0
  m_StaticEditorFlags: 0
  m_IsActive: 1
--- !u!1 &1441007120145254
GameObject:
  m_ObjectHideFlags: 1
  m_PrefabParentObject: {fileID: 0}
  m_PrefabInternal: {fileID: 100100000}
  serializedVersion: 5
  m_Component:
  - component: {fileID: 4820360728627528}
  m_Layer: 0
  m_Name: ThumbRight2
  m_TagString: Untagged
  m_Icon: {fileID: 0}
  m_NavMeshLayer: 0
  m_StaticEditorFlags: 0
  m_IsActive: 1
--- !u!1 &1449285825429954
GameObject:
  m_ObjectHideFlags: 1
  m_PrefabParentObject: {fileID: 0}
  m_PrefabInternal: {fileID: 100100000}
  serializedVersion: 5
  m_Component:
  - component: {fileID: 4352828635309950}
  m_Layer: 0
  m_Name: LegRIghtUpper
  m_TagString: Untagged
  m_Icon: {fileID: 0}
  m_NavMeshLayer: 0
  m_StaticEditorFlags: 0
  m_IsActive: 1
--- !u!1 &1524764038416246
GameObject:
  m_ObjectHideFlags: 1
  m_PrefabParentObject: {fileID: 0}
  m_PrefabInternal: {fileID: 100100000}
  serializedVersion: 5
  m_Component:
  - component: {fileID: 4191659516833996}
  m_Layer: 0
  m_Name: ForearmRIght
  m_TagString: Untagged
  m_Icon: {fileID: 0}
  m_NavMeshLayer: 0
  m_StaticEditorFlags: 0
  m_IsActive: 1
--- !u!1 &1531477036415330
GameObject:
  m_ObjectHideFlags: 1
  m_PrefabParentObject: {fileID: 0}
  m_PrefabInternal: {fileID: 100100000}
  serializedVersion: 5
  m_Component:
  - component: {fileID: 4818646704012110}
  m_Layer: 0
  m_Name: FingerLeft3
  m_TagString: Untagged
  m_Icon: {fileID: 0}
  m_NavMeshLayer: 0
  m_StaticEditorFlags: 0
  m_IsActive: 1
--- !u!1 &1597442752029090
GameObject:
  m_ObjectHideFlags: 0
  m_PrefabParentObject: {fileID: 0}
  m_PrefabInternal: {fileID: 100100000}
  serializedVersion: 5
  m_Component:
  - component: {fileID: 4210338438400850}
  - component: {fileID: 65381049694935834}
  - component: {fileID: 114698603446344052}
  m_Layer: 0
  m_Name: Corpse
  m_TagString: Untagged
  m_Icon: {fileID: 0}
  m_NavMeshLayer: 0
  m_StaticEditorFlags: 0
  m_IsActive: 1
--- !u!1 &1606552392842662
GameObject:
  m_ObjectHideFlags: 1
  m_PrefabParentObject: {fileID: 0}
  m_PrefabInternal: {fileID: 100100000}
  serializedVersion: 5
  m_Component:
  - component: {fileID: 4531280907079400}
  m_Layer: 0
  m_Name: Thumb2
  m_TagString: Untagged
  m_Icon: {fileID: 0}
  m_NavMeshLayer: 0
  m_StaticEditorFlags: 0
  m_IsActive: 1
--- !u!1 &1609815913448174
GameObject:
  m_ObjectHideFlags: 1
  m_PrefabParentObject: {fileID: 0}
  m_PrefabInternal: {fileID: 100100000}
  serializedVersion: 5
  m_Component:
  - component: {fileID: 4292264804979970}
  m_Layer: 0
  m_Name: FingerLeft1
  m_TagString: Untagged
  m_Icon: {fileID: 0}
  m_NavMeshLayer: 0
  m_StaticEditorFlags: 0
  m_IsActive: 1
--- !u!1 &1618878759516098
GameObject:
  m_ObjectHideFlags: 1
  m_PrefabParentObject: {fileID: 0}
  m_PrefabInternal: {fileID: 100100000}
  serializedVersion: 5
  m_Component:
  - component: {fileID: 4014459832316924}
  m_Layer: 0
  m_Name: ShoulderLeft
  m_TagString: Untagged
  m_Icon: {fileID: 0}
  m_NavMeshLayer: 0
  m_StaticEditorFlags: 0
  m_IsActive: 1
--- !u!1 &1637979547184716
GameObject:
  m_ObjectHideFlags: 1
  m_PrefabParentObject: {fileID: 0}
  m_PrefabInternal: {fileID: 100100000}
  serializedVersion: 5
  m_Component:
  - component: {fileID: 4466154494868860}
  m_Layer: 0
  m_Name: UpperArmRight
  m_TagString: Untagged
  m_Icon: {fileID: 0}
  m_NavMeshLayer: 0
  m_StaticEditorFlags: 0
  m_IsActive: 1
--- !u!1 &1675121434331764
GameObject:
  m_ObjectHideFlags: 1
  m_PrefabParentObject: {fileID: 0}
  m_PrefabInternal: {fileID: 100100000}
  serializedVersion: 5
  m_Component:
  - component: {fileID: 4072090520670042}
  m_Layer: 0
  m_Name: ThumbRIght1
  m_TagString: Untagged
  m_Icon: {fileID: 0}
  m_NavMeshLayer: 0
  m_StaticEditorFlags: 0
  m_IsActive: 1
--- !u!1 &1676604233463544
GameObject:
  m_ObjectHideFlags: 1
  m_PrefabParentObject: {fileID: 0}
  m_PrefabInternal: {fileID: 100100000}
  serializedVersion: 5
  m_Component:
  - component: {fileID: 4500553497491020}
  m_Layer: 0
  m_Name: AnkleRight
  m_TagString: Untagged
  m_Icon: {fileID: 0}
  m_NavMeshLayer: 0
  m_StaticEditorFlags: 0
  m_IsActive: 1
--- !u!1 &1723678196020584
GameObject:
  m_ObjectHideFlags: 1
  m_PrefabParentObject: {fileID: 0}
  m_PrefabInternal: {fileID: 100100000}
  serializedVersion: 5
  m_Component:
  - component: {fileID: 4857092338150268}
  m_Layer: 0
  m_Name: FootLeft
  m_TagString: Untagged
  m_Icon: {fileID: 0}
  m_NavMeshLayer: 0
  m_StaticEditorFlags: 0
  m_IsActive: 1
--- !u!1 &1762024449766632
GameObject:
  m_ObjectHideFlags: 1
  m_PrefabParentObject: {fileID: 0}
  m_PrefabInternal: {fileID: 100100000}
  serializedVersion: 5
  m_Component:
  - component: {fileID: 4281328282877882}
  m_Layer: 0
  m_Name: LegLeftUpper
  m_TagString: Untagged
  m_Icon: {fileID: 0}
  m_NavMeshLayer: 0
  m_StaticEditorFlags: 0
  m_IsActive: 1
--- !u!1 &1776409801107230
GameObject:
  m_ObjectHideFlags: 1
  m_PrefabParentObject: {fileID: 0}
  m_PrefabInternal: {fileID: 100100000}
  serializedVersion: 5
  m_Component:
  - component: {fileID: 4576794665652922}
  m_Layer: 0
  m_Name: Head
  m_TagString: Untagged
  m_Icon: {fileID: 0}
  m_NavMeshLayer: 0
  m_StaticEditorFlags: 0
  m_IsActive: 1
--- !u!1 &1787040989242848
GameObject:
  m_ObjectHideFlags: 1
  m_PrefabParentObject: {fileID: 0}
  m_PrefabInternal: {fileID: 100100000}
  serializedVersion: 5
  m_Component:
  - component: {fileID: 4622551450150812}
  m_Layer: 0
  m_Name: FingerRight2
  m_TagString: Untagged
  m_Icon: {fileID: 0}
  m_NavMeshLayer: 0
  m_StaticEditorFlags: 0
  m_IsActive: 1
--- !u!1 &1794781302524542
GameObject:
  m_ObjectHideFlags: 1
  m_PrefabParentObject: {fileID: 0}
  m_PrefabInternal: {fileID: 100100000}
  serializedVersion: 5
  m_Component:
  - component: {fileID: 4683299688876850}
  m_Layer: 0
  m_Name: SpineLower
  m_TagString: Untagged
  m_Icon: {fileID: 0}
  m_NavMeshLayer: 0
  m_StaticEditorFlags: 0
  m_IsActive: 1
--- !u!1 &1821028534696230
GameObject:
  m_ObjectHideFlags: 1
  m_PrefabParentObject: {fileID: 0}
  m_PrefabInternal: {fileID: 100100000}
  serializedVersion: 5
  m_Component:
  - component: {fileID: 4739367788833718}
  m_Layer: 0
  m_Name: FingerLeft2
  m_TagString: Untagged
  m_Icon: {fileID: 0}
  m_NavMeshLayer: 0
  m_StaticEditorFlags: 0
  m_IsActive: 1
--- !u!1 &1874927901700046
GameObject:
  m_ObjectHideFlags: 1
  m_PrefabParentObject: {fileID: 0}
  m_PrefabInternal: {fileID: 100100000}
  serializedVersion: 5
  m_Component:
  - component: {fileID: 4588064693129620}
  m_Layer: 0
  m_Name: LegLeftLower
  m_TagString: Untagged
  m_Icon: {fileID: 0}
  m_NavMeshLayer: 0
  m_StaticEditorFlags: 0
  m_IsActive: 1
--- !u!1 &1894670793718568
GameObject:
  m_ObjectHideFlags: 1
  m_PrefabParentObject: {fileID: 0}
  m_PrefabInternal: {fileID: 100100000}
  serializedVersion: 5
  m_Component:
  - component: {fileID: 4745146525675418}
  m_Layer: 0
  m_Name: UpperArmLeft
  m_TagString: Untagged
  m_Icon: {fileID: 0}
  m_NavMeshLayer: 0
  m_StaticEditorFlags: 0
  m_IsActive: 1
--- !u!1 &1949580236652198
GameObject:
  m_ObjectHideFlags: 1
  m_PrefabParentObject: {fileID: 0}
  m_PrefabInternal: {fileID: 100100000}
  serializedVersion: 5
  m_Component:
  - component: {fileID: 4043294483341742}
  m_Layer: 0
  m_Name: FingerRight1
  m_TagString: Untagged
  m_Icon: {fileID: 0}
  m_NavMeshLayer: 0
  m_StaticEditorFlags: 0
  m_IsActive: 1
--- !u!1 &1952177325026652
GameObject:
  m_ObjectHideFlags: 1
  m_PrefabParentObject: {fileID: 0}
  m_PrefabInternal: {fileID: 100100000}
  serializedVersion: 5
  m_Component:
  - component: {fileID: 4027876262354714}
  m_Layer: 0
  m_Name: FingerRight3
  m_TagString: Untagged
  m_Icon: {fileID: 0}
  m_NavMeshLayer: 0
  m_StaticEditorFlags: 0
  m_IsActive: 1
--- !u!4 &4014459832316924
Transform:
  m_ObjectHideFlags: 1
  m_PrefabParentObject: {fileID: 0}
  m_PrefabInternal: {fileID: 100100000}
  m_GameObject: {fileID: 1618878759516098}
  m_LocalRotation: {x: -0.5641318, y: 0.5344928, z: 0.4361992, w: -0.45365527}
  m_LocalPosition: {x: -0.16812654, y: -0.000061856794, z: -0.00011266395}
  m_LocalScale: {x: 0.99999994, y: 1.0000001, z: 0.99999994}
  m_Children:
  - {fileID: 4745146525675418}
  m_Father: {fileID: 4502698050168328}
  m_RootOrder: 1
  m_LocalEulerAnglesHint: {x: 2.611, y: -102.009, z: -90.977005}
--- !u!4 &4027876262354714
Transform:
  m_ObjectHideFlags: 1
  m_PrefabParentObject: {fileID: 0}
  m_PrefabInternal: {fileID: 100100000}
  m_GameObject: {fileID: 1952177325026652}
  m_LocalRotation: {x: 0.000000022823867, y: 0.006235379, z: -0.0000000023369782,
    w: 0.99998057}
  m_LocalPosition: {x: -0.029985344, y: 0.0000000044556625, z: 0.0000000059366507}
  m_LocalScale: {x: 0.9999999, y: 1, z: 0.9999999}
  m_Children: []
  m_Father: {fileID: 4622551450150812}
  m_RootOrder: 0
  m_LocalEulerAnglesHint: {x: 0, y: 0, z: 0}
--- !u!4 &4043294483341742
Transform:
  m_ObjectHideFlags: 1
  m_PrefabParentObject: {fileID: 0}
  m_PrefabInternal: {fileID: 100100000}
  m_GameObject: {fileID: 1949580236652198}
  m_LocalRotation: {x: -9.3132246e-10, y: 0.00000009685753, z: 0.0000000093714325,
    w: 1}
  m_LocalPosition: {x: -0.2628771, y: 0.000000022005565, z: -0.00000006000363}
  m_LocalScale: {x: 1, y: 1, z: 1}
  m_Children:
  - {fileID: 4622551450150812}
  m_Father: {fileID: 4191659516833996}
  m_RootOrder: 0
  m_LocalEulerAnglesHint: {x: 0, y: 0, z: 0}
--- !u!4 &4056632856550340
Transform:
  m_ObjectHideFlags: 1
  m_PrefabParentObject: {fileID: 0}
  m_PrefabInternal: {fileID: 100100000}
  m_GameObject: {fileID: 1217809465797286}
  m_LocalRotation: {x: -0.7071068, y: 0, z: 0, w: 0.7071068}
  m_LocalPosition: {x: -2.0920238, y: -1.489639, z: -8.849133}
  m_LocalScale: {x: 1, y: 1, z: 1}
  m_Children:
  - {fileID: 4187696940683546}
  - {fileID: 4175840262207636}
  - {fileID: 4683299688876850}
  m_Father: {fileID: 4210338438400850}
  m_RootOrder: 0
  m_LocalEulerAnglesHint: {x: -90.00001, y: 0, z: 0}
--- !u!4 &4072090520670042
Transform:
  m_ObjectHideFlags: 1
  m_PrefabParentObject: {fileID: 0}
  m_PrefabInternal: {fileID: 100100000}
  m_GameObject: {fileID: 1675121434331764}
  m_LocalRotation: {x: -0.042882197, y: -0.049775325, z: -0.65128714, w: 0.7559819}
  m_LocalPosition: {x: -0.26287663, y: 0.000000019248262, z: -0.000000052565202}
  m_LocalScale: {x: 1, y: 1, z: 1}
  m_Children:
  - {fileID: 4820360728627528}
  m_Father: {fileID: 4191659516833996}
  m_RootOrder: 1
  m_LocalEulerAnglesHint: {x: 0, y: 0, z: 0}
--- !u!4 &4114052889574360
Transform:
  m_ObjectHideFlags: 1
  m_PrefabParentObject: {fileID: 0}
  m_PrefabInternal: {fileID: 100100000}
  m_GameObject: {fileID: 1379132839372042}
  m_LocalRotation: {x: 0.14871898, y: -0.24576081, z: 0.04996495, w: 0.95654994}
  m_LocalPosition: {x: -0.33739078, y: -0.00012423098, z: 0.0001541376}
  m_LocalScale: {x: 1, y: 0.99999994, z: 1}
  m_Children:
  - {fileID: 4500553497491020}
  m_Father: {fileID: 4352828635309950}
  m_RootOrder: 0
  m_LocalEulerAnglesHint: {x: 18.003, y: -28.603, z: 1.355}
--- !u!4 &4175840262207636
Transform:
  m_ObjectHideFlags: 1
  m_PrefabParentObject: {fileID: 0}
  m_PrefabInternal: {fileID: 100100000}
  m_GameObject: {fileID: 1330995371085174}
  m_LocalRotation: {x: -0.101224795, y: -0.10122469, z: -0.010353598, w: 0.98964643}
  m_LocalPosition: {x: 0, y: 0, z: 0}
  m_LocalScale: {x: 1, y: 1, z: 1}
  m_Children:
  - {fileID: 4352828635309950}
  m_Father: {fileID: 4056632856550340}
  m_RootOrder: 1
  m_LocalEulerAnglesHint: {x: 0, y: 0, z: 0}
--- !u!4 &4187696940683546
Transform:
  m_ObjectHideFlags: 1
  m_PrefabParentObject: {fileID: 0}
  m_PrefabInternal: {fileID: 100100000}
  m_GameObject: {fileID: 1390022447480258}
  m_LocalRotation: {x: 0.10122467, y: 0.101224676, z: 0.98964643, w: -0.010353762}
  m_LocalPosition: {x: 0, y: 0, z: 0}
  m_LocalScale: {x: 1, y: 1, z: 1}
  m_Children:
  - {fileID: 4281328282877882}
  m_Father: {fileID: 4056632856550340}
  m_RootOrder: 0
  m_LocalEulerAnglesHint: {x: 0, y: 0, z: 0}
--- !u!4 &4191659516833996
Transform:
  m_ObjectHideFlags: 1
  m_PrefabParentObject: {fileID: 0}
  m_PrefabInternal: {fileID: 100100000}
  m_GameObject: {fileID: 1524764038416246}
  m_LocalRotation: {x: -0.007354151, y: 0.024401978, z: -0.2220005, w: 0.97471344}
  m_LocalPosition: {x: -0.3200599, y: 0.00000008940698, z: 0.0000013560056}
  m_LocalScale: {x: 1, y: 1, z: 1}
  m_Children:
  - {fileID: 4043294483341742}
  - {fileID: 4072090520670042}
  m_Father: {fileID: 4466154494868860}
  m_RootOrder: 0
  m_LocalEulerAnglesHint: {x: -0.201, y: 2.914, z: -25.667002}
--- !u!4 &4208722233512156
Transform:
  m_ObjectHideFlags: 1
  m_PrefabParentObject: {fileID: 0}
  m_PrefabInternal: {fileID: 100100000}
  m_GameObject: {fileID: 1331526587274070}
  m_LocalRotation: {x: 0.04288219, y: -0.049775332, z: 0.65128714, w: 0.7559819}
  m_LocalPosition: {x: -0.08, y: -0.01, z: -0.14}
  m_LocalScale: {x: 1, y: 1, z: 1}
  m_Children:
  - {fileID: 4531280907079400}
  m_Father: {fileID: 4252255951080298}
  m_RootOrder: 1
  m_LocalEulerAnglesHint: {x: 0, y: 0, z: 0}
--- !u!4 &4210338438400850
Transform:
  m_ObjectHideFlags: 1
  m_PrefabParentObject: {fileID: 0}
  m_PrefabInternal: {fileID: 100100000}
  m_GameObject: {fileID: 1597442752029090}
  m_LocalRotation: {x: 0, y: 0, z: 0, w: 1}
  m_LocalPosition: {x: 2.147, y: 1.693, z: 19.077}
  m_LocalScale: {x: 1, y: 1, z: 1}
  m_Children:
  - {fileID: 4056632856550340}
  - {fileID: 4897503874395994}
  m_Father: {fileID: 4606377691722884}
  m_RootOrder: 0
  m_LocalEulerAnglesHint: {x: 0, y: 0, z: 0}
--- !u!4 &4252255951080298
Transform:
  m_ObjectHideFlags: 1
  m_PrefabParentObject: {fileID: 0}
  m_PrefabInternal: {fileID: 100100000}
  m_GameObject: {fileID: 1201943900081684}
  m_LocalRotation: {x: -0.16632627, y: -0.2671714, z: -0.08082692, w: 0.9457389}
  m_LocalPosition: {x: -0.32010257, y: -0.00020530078, z: -0.000010568648}
  m_LocalScale: {x: 0.1, y: 0.1, z: 0.1}
  m_Children:
  - {fileID: 4292264804979970}
  - {fileID: 4208722233512156}
  m_Father: {fileID: 4745146525675418}
  m_RootOrder: 0
  m_LocalEulerAnglesHint: {x: -20.965, y: -30.823002, z: -3.9300003}
--- !u!4 &4281328282877882
Transform:
  m_ObjectHideFlags: 1
  m_PrefabParentObject: {fileID: 0}
  m_PrefabInternal: {fileID: 100100000}
  m_GameObject: {fileID: 1762024449766632}
  m_LocalRotation: {x: 0.28906623, y: -0.16509493, z: 0.6292439, w: 0.70230806}
  m_LocalPosition: {x: -0.117375806, y: 0.000000013038516, z: 0.000000013038516}
  m_LocalScale: {x: 1.0000002, y: 1, z: 1.0000001}
  m_Children:
  - {fileID: 4588064693129620}
  m_Father: {fileID: 4187696940683546}
  m_RootOrder: 0
  m_LocalEulerAnglesHint: {x: 0, y: 0, z: 0}
--- !u!4 &4292264804979970
Transform:
  m_ObjectHideFlags: 1
  m_PrefabParentObject: {fileID: 0}
  m_PrefabInternal: {fileID: 100100000}
  m_GameObject: {fileID: 1609815913448174}
  m_LocalRotation: {x: 9.313226e-10, y: 0.000000095926225, z: -0.000000009255018,
    w: 1}
  m_LocalPosition: {x: 0.15, y: 0, z: -0.06}
  m_LocalScale: {x: 1, y: 1, z: 1}
  m_Children:
  - {fileID: 4739367788833718}
  m_Father: {fileID: 4252255951080298}
  m_RootOrder: 0
  m_LocalEulerAnglesHint: {x: 0, y: 0, z: 0}
--- !u!4 &4304849810249806
Transform:
  m_ObjectHideFlags: 1
  m_PrefabParentObject: {fileID: 0}
  m_PrefabInternal: {fileID: 100100000}
  m_GameObject: {fileID: 1107660160703742}
  m_LocalRotation: {x: 0.4707685, y: 0.53909963, z: -0.52761453, w: -0.45757148}
  m_LocalPosition: {x: -0.1681577, y: -0.000000074505806, z: -0.0000000013969839}
  m_LocalScale: {x: 0.99999994, y: 1.0000001, z: 0.99999994}
  m_Children:
  - {fileID: 4466154494868860}
  m_Father: {fileID: 4502698050168328}
  m_RootOrder: 2
  m_LocalEulerAnglesHint: {x: -4.8840003, y: -98.895004, z: 92.048004}
--- !u!4 &4352828635309950
Transform:
  m_ObjectHideFlags: 1
  m_PrefabParentObject: {fileID: 0}
  m_PrefabInternal: {fileID: 100100000}
  m_GameObject: {fileID: 1449285825429954}
  m_LocalRotation: {x: -0.5107465, y: -0.2972944, z: -0.6263257, w: 0.5083996}
  m_LocalPosition: {x: -0.117516, y: 0.0003781803, z: 0.00008261006}
  m_LocalScale: {x: 1.0000001, y: 1, z: 1.0000001}
  m_Children:
  - {fileID: 4114052889574360}
  m_Father: {fileID: 4175840262207636}
  m_RootOrder: 0
  m_LocalEulerAnglesHint: {x: -63.092003, y: 408.224, z: -492.594}
--- !u!4 &4460530779884290
Transform:
  m_ObjectHideFlags: 1
  m_PrefabParentObject: {fileID: 0}
  m_PrefabInternal: {fileID: 100100000}
  m_GameObject: {fileID: 1242176686344622}
  m_LocalRotation: {x: 0.040365707, y: 0.76027685, z: -0.026115077, w: 0.6478176}
  m_LocalPosition: {x: -0.0928458, y: -0.00011252369, z: 0.00018117204}
  m_LocalScale: {x: 0.99999994, y: 1, z: 1}
  m_Children: []
  m_Father: {fileID: 4500553497491020}
  m_RootOrder: 0
  m_LocalEulerAnglesHint: {x: 5.2790003, y: 99.206, z: 1.585}
--- !u!4 &4466154494868860
Transform:
  m_ObjectHideFlags: 1
  m_PrefabParentObject: {fileID: 0}
  m_PrefabInternal: {fileID: 100100000}
  m_GameObject: {fileID: 1637979547184716}
  m_LocalRotation: {x: -0.21027596, y: -0.44408098, z: 0.17269406, w: 0.85367024}
  m_LocalPosition: {x: -0.1260009, y: 0.02599984, z: 0.03500076}
  m_LocalScale: {x: 0.9999999, y: 0.99999994, z: 1.0000001}
  m_Children:
  - {fileID: 4191659516833996}
  m_Father: {fileID: 4304849810249806}
  m_RootOrder: 0
  m_LocalEulerAnglesHint: {x: -11.867001, y: -58.099003, z: 29.480001}
--- !u!4 &4500553497491020
Transform:
  m_ObjectHideFlags: 1
  m_PrefabParentObject: {fileID: 0}
  m_PrefabInternal: {fileID: 100100000}
  m_GameObject: {fileID: 1676604233463544}
  m_LocalRotation: {x: -0.10535325, y: 0.034338288, z: 0.03414936, w: -0.993255}
  m_LocalPosition: {x: -0.43305594, y: 0.00000005960465, z: 0.000000044703476}
  m_LocalScale: {x: 0.99999994, y: 0.99999994, z: 1}
  m_Children:
  - {fileID: 4460530779884290}
  m_Father: {fileID: 4114052889574360}
  m_RootOrder: 0
  m_LocalEulerAnglesHint: {x: 0, y: 0, z: 0}
--- !u!4 &4502698050168328
Transform:
  m_ObjectHideFlags: 1
  m_PrefabParentObject: {fileID: 0}
  m_PrefabInternal: {fileID: 100100000}
  m_GameObject: {fileID: 1408812561116050}
  m_LocalRotation: {x: -0.00000012015104, y: 0.022344382, z: 0.000000020489097, w: 0.9997504}
  m_LocalPosition: {x: -0.20854154, y: -0.000000059604645, z: -4.656613e-10}
  m_LocalScale: {x: 1, y: 1, z: 1}
  m_Children:
  - {fileID: 4516093659975972}
  - {fileID: 4014459832316924}
  - {fileID: 4304849810249806}
  m_Father: {fileID: 4554937413594180}
  m_RootOrder: 0
  m_LocalEulerAnglesHint: {x: 0, y: 0, z: 0}
--- !u!4 &4516093659975972
Transform:
  m_ObjectHideFlags: 1
  m_PrefabParentObject: {fileID: 0}
  m_PrefabInternal: {fileID: 100100000}
  m_GameObject: {fileID: 1013413088661534}
  m_LocalRotation: {x: 0.0022650382, y: -0.19494866, z: -0.18299821, w: 0.9635878}
  m_LocalPosition: {x: -0.1681609, y: -0.000033574386, z: -0.000054949847}
  m_LocalScale: {x: 1, y: 1, z: 1}
  m_Children:
  - {fileID: 4576794665652922}
  m_Father: {fileID: 4502698050168328}
  m_RootOrder: 0
  m_LocalEulerAnglesHint: {x: -3.841, y: -22.171001, z: -20.754002}
--- !u!4 &4531280907079400
Transform:
  m_ObjectHideFlags: 1
  m_PrefabParentObject: {fileID: 0}
  m_PrefabInternal: {fileID: 100100000}
  m_GameObject: {fileID: 1606552392842662}
  m_LocalRotation: {x: 0.0026855394, y: 0.040666576, z: 0.029496139, w: 0.9987337}
  m_LocalPosition: {x: -0.055873778, y: -0.000000049856826, z: 0.000000016763806}
  m_LocalScale: {x: 0.99999994, y: 1, z: 1}
  m_Children: []
  m_Father: {fileID: 4208722233512156}
  m_RootOrder: 0
  m_LocalEulerAnglesHint: {x: 0, y: 0, z: 0}
--- !u!4 &4554937413594180
Transform:
  m_ObjectHideFlags: 1
  m_PrefabParentObject: {fileID: 0}
  m_PrefabInternal: {fileID: 100100000}
  m_GameObject: {fileID: 1351852325824830}
  m_LocalRotation: {x: 0.00000011724043, y: 0.046714023, z: 0.000000018626451, w: 0.99890834}
  m_LocalPosition: {x: -0.15096991, y: 0, z: 0.0000000018626451}
  m_LocalScale: {x: 1.0000001, y: 1, z: 1}
  m_Children:
  - {fileID: 4502698050168328}
  m_Father: {fileID: 4683299688876850}
  m_RootOrder: 0
  m_LocalEulerAnglesHint: {x: 0, y: 0, z: 0}
--- !u!4 &4576794665652922
Transform:
  m_ObjectHideFlags: 1
  m_PrefabParentObject: {fileID: 0}
  m_PrefabInternal: {fileID: 100100000}
  m_GameObject: {fileID: 1776409801107230}
  m_LocalRotation: {x: -0.11114043, y: 0.0696788, z: 0.17490785, w: 0.9758073}
  m_LocalPosition: {x: -0.10451891, y: -0.00005978765, z: -0.00012233201}
  m_LocalScale: {x: 1, y: 1, z: 1}
  m_Children: []
  m_Father: {fileID: 4516093659975972}
  m_RootOrder: 0
  m_LocalEulerAnglesHint: {x: -13.962001, y: 5.7430005, z: 19.62}
--- !u!4 &4581102319708488
Transform:
  m_ObjectHideFlags: 1
  m_PrefabParentObject: {fileID: 0}
  m_PrefabInternal: {fileID: 100100000}
  m_GameObject: {fileID: 1010742151726166}
  m_LocalRotation: {x: 0.034416795, y: 0.032518487, z: -0.0028151055, w: -0.9988744}
  m_LocalPosition: {x: -0.41, y: -0.03, z: -0.39}
  m_LocalScale: {x: 0.99999994, y: 0.99999994, z: 0.99999994}
  m_Children:
  - {fileID: 4857092338150268}
  m_Father: {fileID: 4588064693129620}
  m_RootOrder: 0
  m_LocalEulerAnglesHint: {x: 0, y: 0, z: 0}
--- !u!4 &4588064693129620
Transform:
  m_ObjectHideFlags: 1
  m_PrefabParentObject: {fileID: 0}
  m_PrefabInternal: {fileID: 100100000}
  m_GameObject: {fileID: 1874927901700046}
  m_LocalRotation: {x: 0.000104308114, y: -0.76272935, z: -0.018638892, w: 0.64644915}
  m_LocalPosition: {x: -0.33728093, y: 0.000000059604645, z: -0.000000011175869}
  m_LocalScale: {x: 0.1, y: 0.1, z: 0.1}
  m_Children:
  - {fileID: 4581102319708488}
  m_Father: {fileID: 4281328282877882}
  m_RootOrder: 0
  m_LocalEulerAnglesHint: {x: 0, y: 0, z: 0}
--- !u!4 &4606377691722884
Transform:
  m_ObjectHideFlags: 1
  m_PrefabParentObject: {fileID: 0}
  m_PrefabInternal: {fileID: 100100000}
  m_GameObject: {fileID: 1278528692170574}
  m_LocalRotation: {x: 0, y: 0, z: 0, w: 1}
  m_LocalPosition: {x: -36.99, y: 0.71, z: -9.8}
  m_LocalScale: {x: 1, y: 1, z: 1}
  m_Children:
  - {fileID: 4210338438400850}
  m_Father: {fileID: 0}
  m_RootOrder: 0
  m_LocalEulerAnglesHint: {x: 0, y: 0, z: 0}
--- !u!4 &4622551450150812
Transform:
  m_ObjectHideFlags: 1
  m_PrefabParentObject: {fileID: 0}
  m_PrefabInternal: {fileID: 100100000}
  m_GameObject: {fileID: 1787040989242848}
  m_LocalRotation: {x: 0.000000015743382, y: -0.084010825, z: 0.0000000018620467,
    w: 0.99646485}
  m_LocalPosition: {x: -0.05797759, y: 0.0000000042299533, z: -0.00000005219238}
  m_LocalScale: {x: 1, y: 1, z: 1}
  m_Children:
  - {fileID: 4027876262354714}
  m_Father: {fileID: 4043294483341742}
  m_RootOrder: 0
  m_LocalEulerAnglesHint: {x: 0, y: 0, z: 0}
--- !u!4 &4683299688876850
Transform:
  m_ObjectHideFlags: 1
  m_PrefabParentObject: {fileID: 0}
  m_PrefabInternal: {fileID: 100100000}
  m_GameObject: {fileID: 1794781302524542}
  m_LocalRotation: {x: 0.47085848, y: 0.47085848, z: -0.5275341, w: 0.52753425}
  m_LocalPosition: {x: 0, y: 0, z: 0}
  m_LocalScale: {x: 1, y: 1, z: 1}
  m_Children:
  - {fileID: 4554937413594180}
  m_Father: {fileID: 4056632856550340}
  m_RootOrder: 2
  m_LocalEulerAnglesHint: {x: 0, y: 0, z: 0}
--- !u!4 &4739367788833718
Transform:
  m_ObjectHideFlags: 1
  m_PrefabParentObject: {fileID: 0}
  m_PrefabInternal: {fileID: 100100000}
  m_GameObject: {fileID: 1821028534696230}
  m_LocalRotation: {x: -0.000000028428662, y: -0.084010825, z: -0.0000000018620482,
    w: 0.99646485}
  m_LocalPosition: {x: -0.057977594, y: 0.000000005110371, z: -0.00000005219238}
  m_LocalScale: {x: 1, y: 1, z: 1}
  m_Children:
  - {fileID: 4818646704012110}
  m_Father: {fileID: 4292264804979970}
  m_RootOrder: 0
  m_LocalEulerAnglesHint: {x: 0, y: 0, z: 0}
--- !u!4 &4745146525675418
Transform:
  m_ObjectHideFlags: 1
  m_PrefabParentObject: {fileID: 0}
  m_PrefabInternal: {fileID: 100100000}
  m_GameObject: {fileID: 1894670793718568}
  m_LocalRotation: {x: 0.08569724, y: -0.5252966, z: 0.26138422, w: 0.8052316}
  m_LocalPosition: {x: -0.1638292, y: 0.00000034272668, z: 0.0000010551886}
  m_LocalScale: {x: 0.9999999, y: 0.99999994, z: 1.0000001}
  m_Children:
  - {fileID: 4252255951080298}
  m_Father: {fileID: 4014459832316924}
  m_RootOrder: 0
  m_LocalEulerAnglesHint: {x: 24.37, y: -61.586002, z: 21.302002}
--- !u!4 &4818646704012110
Transform:
  m_ObjectHideFlags: 1
  m_PrefabParentObject: {fileID: 0}
  m_PrefabInternal: {fileID: 100100000}
  m_GameObject: {fileID: 1531477036415330}
  m_LocalRotation: {x: -0.00000002188235, y: 0.006235379, z: 0.0000000023369806, w: 0.99998057}
  m_LocalPosition: {x: -0.02998535, y: -1.5667471e-10, z: 0.0000000059366507}
  m_LocalScale: {x: 0.9999999, y: 1, z: 0.9999999}
  m_Children: []
  m_Father: {fileID: 4739367788833718}
  m_RootOrder: 0
  m_LocalEulerAnglesHint: {x: 0, y: 0, z: 0}
--- !u!4 &4820360728627528
Transform:
  m_ObjectHideFlags: 1
  m_PrefabParentObject: {fileID: 0}
  m_PrefabInternal: {fileID: 100100000}
  m_GameObject: {fileID: 1441007120145254}
  m_LocalRotation: {x: -0.002668816, y: 0.04066762, z: -0.029311951, w: 0.9987391}
  m_LocalPosition: {x: -0.055873774, y: 0.00000005431986, z: -0.000000021234156}
  m_LocalScale: {x: 0.99999994, y: 0.99999994, z: 1}
  m_Children: []
  m_Father: {fileID: 4072090520670042}
  m_RootOrder: 0
  m_LocalEulerAnglesHint: {x: 0, y: 0, z: 0}
--- !u!4 &4857092338150268
Transform:
  m_ObjectHideFlags: 1
  m_PrefabParentObject: {fileID: 0}
  m_PrefabInternal: {fileID: 100100000}
  m_GameObject: {fileID: 1723678196020584}
  m_LocalRotation: {x: -0.000000031664964, y: 0.77144474, z: -0.00000013428506, w: 0.6362964}
  m_LocalPosition: {x: -0.17, y: -0, z: -0.38}
  m_LocalScale: {x: 1, y: 1, z: 1}
  m_Children: []
  m_Father: {fileID: 4581102319708488}
  m_RootOrder: 0
  m_LocalEulerAnglesHint: {x: 12, y: 50, z: -20}
--- !u!4 &4897503874395994
Transform:
  m_ObjectHideFlags: 1
  m_PrefabParentObject: {fileID: 0}
  m_PrefabInternal: {fileID: 100100000}
  m_GameObject: {fileID: 1296515294531556}
  m_LocalRotation: {x: 0, y: -0, z: -0, w: 1}
  m_LocalPosition: {x: -0, y: 0.04359803, z: 0.17766137}
  m_LocalScale: {x: 1, y: 1, z: 1}
  m_Children: []
  m_Father: {fileID: 4210338438400850}
  m_RootOrder: 1
  m_LocalEulerAnglesHint: {x: 0, y: 0, z: 0}
--- !u!65 &65194427385490264
BoxCollider:
  m_ObjectHideFlags: 1
  m_PrefabParentObject: {fileID: 0}
  m_PrefabInternal: {fileID: 100100000}
  m_GameObject: {fileID: 1278528692170574}
  m_Material: {fileID: 0}
  m_IsTrigger: 1
  m_Enabled: 1
  serializedVersion: 2
  m_Size: {x: 2, y: 1, z: 2}
  m_Center: {x: 0, y: 0, z: 0}
--- !u!65 &65381049694935834
BoxCollider:
  m_ObjectHideFlags: 1
  m_PrefabParentObject: {fileID: 0}
  m_PrefabInternal: {fileID: 100100000}
  m_GameObject: {fileID: 1597442752029090}
  m_Material: {fileID: 0}
  m_IsTrigger: 1
  m_Enabled: 1
  serializedVersion: 2
  m_Size: {x: 1.98, y: 2.2, z: 2}
  m_Center: {x: -2.25, y: -1.32, z: -10.08}
--- !u!114 &114487528118189488
MonoBehaviour:
  m_ObjectHideFlags: 1
  m_PrefabParentObject: {fileID: 0}
  m_PrefabInternal: {fileID: 100100000}
  m_GameObject: {fileID: 1278528692170574}
  m_Enabled: 1
  m_EditorHideFlags: 0
  m_Script: {fileID: 11500000, guid: 3fc90de91ed8c3b4faf33488299699a1, type: 3}
  m_Name: 
  m_EditorClassIdentifier: 
  box: {fileID: 65194427385490264}
  haunt: 0
  ghost: {fileID: 1597442752029090}
--- !u!114 &114698603446344052
MonoBehaviour:
  m_ObjectHideFlags: 1
  m_PrefabParentObject: {fileID: 0}
  m_PrefabInternal: {fileID: 100100000}
  m_GameObject: {fileID: 1597442752029090}
  m_Enabled: 1
  m_EditorHideFlags: 0
  m_Script: {fileID: 11500000, guid: 3fc90de91ed8c3b4faf33488299699a1, type: 3}
  m_Name: 
  m_EditorClassIdentifier: 
  box: {fileID: 65381049694935834}
  haunt: 0
  ghost: {fileID: 1597442752029090}
--- !u!137 &137831563950750490
SkinnedMeshRenderer:
  m_ObjectHideFlags: 1
  m_PrefabParentObject: {fileID: 0}
  m_PrefabInternal: {fileID: 100100000}
  m_GameObject: {fileID: 1296515294531556}
  m_Enabled: 1
  m_CastShadows: 1
  m_ReceiveShadows: 1
  m_DynamicOccludee: 1
  m_MotionVectors: 1
  m_LightProbeUsage: 1
  m_ReflectionProbeUsage: 1
  m_Materials:
  - {fileID: 2100000, guid: dee7e0d290585bd4d8add92a71e78337, type: 2}
  m_StaticBatchInfo:
    firstSubMesh: 0
    subMeshCount: 0
  m_StaticBatchRoot: {fileID: 0}
  m_ProbeAnchor: {fileID: 0}
  m_LightProbeVolumeOverride: {fileID: 0}
  m_ScaleInLightmap: 1
  m_PreserveUVs: 0
  m_IgnoreNormalsForChartDetection: 0
  m_ImportantGI: 0
  m_StitchLightmapSeams: 0
  m_SelectedEditorRenderState: 3
  m_MinimumChartSize: 4
  m_AutoUVMaxDistance: 0.5
  m_AutoUVMaxAngle: 89
  m_LightmapParameters: {fileID: 0}
  m_SortingLayerID: 0
  m_SortingLayer: 0
  m_SortingOrder: 0
  serializedVersion: 2
  m_Quality: 0
  m_UpdateWhenOffscreen: 0
  m_SkinnedMotionVectors: 1
  m_Mesh: {fileID: 4300000, guid: 6e9a8704e79002747a751ed79f268f26, type: 3}
  m_Bones:
  - {fileID: 4683299688876850}
  - {fileID: 4554937413594180}
  - {fileID: 4502698050168328}
  - {fileID: 4516093659975972}
  - {fileID: 4576794665652922}
  - {fileID: 4014459832316924}
  - {fileID: 4745146525675418}
  - {fileID: 4252255951080298}
  - {fileID: 4208722233512156}
  - {fileID: 4531280907079400}
  - {fileID: 4292264804979970}
  - {fileID: 4739367788833718}
  - {fileID: 4818646704012110}
  - {fileID: 4304849810249806}
  - {fileID: 4466154494868860}
  - {fileID: 4191659516833996}
  - {fileID: 4072090520670042}
  - {fileID: 4820360728627528}
  - {fileID: 4043294483341742}
  - {fileID: 4622551450150812}
  - {fileID: 4027876262354714}
  - {fileID: 4187696940683546}
  - {fileID: 4281328282877882}
  - {fileID: 4588064693129620}
  - {fileID: 4581102319708488}
  - {fileID: 4857092338150268}
  - {fileID: 4175840262207636}
  - {fileID: 4352828635309950}
  - {fileID: 4114052889574360}
  - {fileID: 4500553497491020}
  - {fileID: 4460530779884290}
  m_BlendShapeWeights: []
  m_RootBone: {fileID: 4683299688876850}
  m_AABB:
    m_Center: {x: 0.0051504076, y: 0.000000029802322, z: -0.09600631}
    m_Extent: {x: 0.917145, y: 0.881652, z: 0.285758}
  m_DirtyAABB: 0
